<?xml version="1.0" encoding="UTF-8"?>
<record xmlns="http://www.loc.gov/MARC21/slim" xmlns:xsi="http://www.w3.org/2001/XMLSchema-instance" xsi:schemaLocation="http://www.loc.gov/MARC21/slim http://www.loc.gov/standards/marcxml/schema/MARC21slim.xsd">
<leader>     cam a2200229 a 4500</leader>
<controlfield tag="001">001677146</controlfield>
<controlfield tag="003">NNU</controlfield>
<controlfield tag="005">20001218195111.0</controlfield>
<controlfield tag="008">940908s1956    ir       b    000 0 ara d</controlfield>
<datafield tag="035" ind1="9" ind2=" ">
<subfield code="a">NYUb12220521</subfield>
</datafield>
<datafield tag="035" ind1=" " ind2=" ">
<subfield code="a">(CStRLIN)NJPG94-B53151</subfield>
</datafield>
<datafield tag="040" ind1=" " ind2=" ">
<subfield code="a">NjP</subfield>
<subfield code="c">NjP</subfield>
</datafield>
<datafield tag="100" ind1="1" ind2=" ">
<subfield code="a">Ṭabarsī, al-Faḍl ibn al-Ḥasan,</subfield>
<subfield code="d">d. 1153.</subfield>
</datafield>
<datafield tag="245" ind1="1" ind2="0">
<subfield code="a">Makārim al-akhlāq /</subfield>
<subfield code="c">taʼlīf Raḍī al-Dīn Abī Naṣr al-Ḥasan ibn al-Faḍl al-Ṭabarsī ; ṣaḥḥaḥahu wa-ʻallaqa ʻalayhi ʻAlāʼ al-Dīn al-ʻAlawī al-Ṭālaqānī.</subfield>
</datafield>
<datafield tag="260" ind1=" " ind2=" ">
<subfield code="a">Ṭihrān :</subfield>
<subfield code="b">Dār al-Kutub al-Islāmīyah,</subfield>
<subfield code="c">1376 [1956 or 1957]</subfield>
</datafield>
<datafield tag="300" ind1=" " ind2=" ">
<subfield code="a">567 p. ;</subfield>
<subfield code="c">25 cm.</subfield>
</datafield>
<datafield tag="504" ind1=" " ind2=" ">
<subfield code="a">Includes bibliographical references.</subfield>
</datafield>
<datafield tag="650" ind1=" " ind2="0">
<subfield code="a">Islamic ethics.</subfield>
</datafield>
<datafield tag="650" ind1=" " ind2="0">
<subfield code="a">Religious life</subfield>
<subfield code="x">Islam.</subfield>
</datafield>
<datafield tag="700" ind1="1" ind2=" ">
<subfield code="a">ʻAlawī al-Ṭālaqānī, ʻAlāʼ al-Dīn.</subfield>
</datafield>
<datafield tag="OWN" ind1=" " ind2=" ">
<subfield code="a">GENERAL</subfield>
</datafield>
<datafield tag="950" ind1=" " ind2=" ">
<subfield code="l">BMAIN</subfield>
<subfield code="a">BJ1291</subfield>
<subfield code="b">.T3 1956</subfield>
</datafield>
<datafield tag="955" ind1=" " ind2=" ">
<subfield code="l">BMAIN</subfield>
<subfield code="c">1</subfield>
<subfield code="r">027718645</subfield>
</datafield>
<datafield tag="998" ind1=" " ind2=" ">
<subfield code="s">9124</subfield>
</datafield>
<datafield tag="AVA" ind1=" " ind2=" ">
<subfield code="a">NYU50</subfield>
<subfield code="b">BOBST</subfield>
<subfield code="c">Main Collection</subfield>
<subfield code="d">BJ1291 .T3 1956</subfield>
<subfield code="e">unavailable</subfield>
<subfield code="t">Unavailable</subfield>
<subfield code="f">1</subfield>
<subfield code="g">1</subfield>
<subfield code="h">N</subfield>
<subfield code="i">1</subfield>
<subfield code="j">MAIN</subfield>
<subfield code="k">0</subfield>
</datafield>
</record>
